@article{ang2016great,
	title={The great wall of debt: Real estate, political risk, and Chinese local government credit spreads},
	author={Ang, Andrew and Bai, Jennie and Zhou, Hao},
	journal={Columbia Business School Research Paper},
	number={15-57},
	year={2016}
}


@article{baker2021much,
	title={How Much Should We Trust Staggered Difference-In-Differences Estimates?},
	author={Baker, Andrew and Larcker, David F and Wang, Charles CY},
	journal={Available at SSRN 3794018},
	year={2021}
}

@article{bertrand2004much,
	title={How much should we trust differences-in-differences estimates?},
	author={Bertrand, Marianne and Duflo, Esther and Mullainathan, Sendhil},
	journal={The Quarterly journal of economics},
	volume={119},
	number={1},
	pages={249--275},
	year={2004},
	publisher={MIT Press}
}

@article{brogaard2015asset,
	title={The asset-pricing implications of government economic policy uncertainty},
	author={Brogaard, Jonathan and Detzel, Andrew},
	journal={Management Science},
	volume={61},
	number={1},
	pages={3--18},
	year={2015},
	publisher={INFORMS}
}

@article{butler2009corruption,
	title={Corruption, political connections, and municipal finance},
	author={Butler, Alexander W and Fauver, Larry and Mortal, Sandra},
	journal={The review of financial studies},
	volume={22},
	number={7},
	pages={2873--2905},
	year={2009},
	publisher={Society for Financial Studies}
}

@article{capeci1991credit,
	title={Credit risk, credit ratings, and municipal bond yields: A panel study},
	author={Capeci, John},
	journal={National Tax Journal},
	pages={41--56},
	year={1991},
	publisher={JSTOR}
}


@article{chaney2011quality,
	title={The quality of accounting information in politically connected firms},
	author={Chaney, Paul K and Faccio, Mara and Parsley, David},
	journal={Journal of accounting and Economics},
	volume={51},
	number={1-2},
	pages={58--76},
	year={2011},
	publisher={Elsevier}
}


@article{chen2020local,
	title={Local Political-Turnover-Induced Uncertainty and Bond Market Pricing},
	author={Chen, Zhuo and Lu, Andrea and Xiao, Huili and Zhu, Xiaoquan},
	journal={Available at SSRN 3741300},
	year={2020}
}

@article{correia2014political,
	title={Political connections and SEC enforcement},
	author={Correia, Maria M},
	journal={Journal of Accounting and Economics},
	volume={57},
	number={2-3},
	pages={241--262},
	year={2014},
	publisher={Elsevier}
}

@article{faccio2006politically,
	title={Politically connected firms},
	author={Faccio, Mara},
	journal={American economic review},
	volume={96},
	number={1},
	pages={369--386},
	year={2006}
}

@article{faccio2009sudden,
	title={Sudden deaths: Taking stock of geographic ties},
	author={Faccio, Mara and Parsley, David C},
	journal={Journal of Financial and Quantitative Analysis},
	pages={683--718},
	year={2009},
	publisher={JSTOR}
}

@article{fisman2001estimating,
	title={Estimating the value of political connections},
	author={Fisman, Raymond},
	journal={American economic review},
	volume={91},
	number={4},
	pages={1095--1102},
	year={2001}
}


@article{fortune1988municipal,
	title={Municipal bond yields: whose tax rates matter?},
	author={Fortune, Peter},
	journal={National Tax Journal},
	pages={219--233},
	year={1988},
	publisher={JSTOR}
}


@article{gao2019political,
	title={Political uncertainty and public financing costs: Evidence from US gubernatorial elections and municipal bond markets},
	author={Gao, Pengjie and Murphy, Dermot and Qi, Yaxuan},
	journal={Available at SSRN 1992200},
	year={2019}
}

@book{goldsmith2019sea,
	title={Sea level rise and municipal bond yields},
	author={Goldsmith-Pinkham, Paul and Gustafson, Matthew and Lewis, Ryan C and Schwert, Michael},
	year={2019},
	publisher={Rodney L. White Center for Financial Research}
}

@article{kelly2016price,
	title={The price of political uncertainty: Theory and evidence from the option market},
	author={Kelly, Bryan and P{\'a}stor, L'ubo{\v{s}} and Veronesi, Pietro},
	journal={The Journal of Finance},
	volume={71},
	number={5},
	pages={2417--2480},
	year={2016},
	publisher={Wiley Online Library}
}

@article{liu2017impacts,
	title={The impacts of political uncertainty on asset prices: Evidence from the Bo scandal in China},
	author={Liu, Laura Xiaolei and Shu, Haibing and Wei, KC John},
	journal={Journal of financial economics},
	volume={125},
	number={2},
	pages={286--310},
	year={2017},
	publisher={Elsevier}
}

@article{liu2017implicit,
	title={Implicit government guarantee and the pricing of Chinese LGFV debt},
	author={Liu, Laura Xiaolei and Lyu, Yuanzhen and Yu, Fan},
	journal={Claremont McKenna College Robert Day School of Economics and Finance Research Paper},
	number={2922946},
	year={2017}
}

@book{lu2013local,
	title={Local government financing platforms in China: A fortune or misfortune?},
	author={Lu, Yinqiu and Sun, Tao},
	year={2013},
	publisher={International Monetary Fund}
}

@article{pastor2013political,
	title={Political uncertainty and risk premia},
	author={P{\'a}stor, L'ubo{\v{s}} and Veronesi, Pietro},
	journal={Journal of financial Economics},
	volume={110},
	number={3},
	pages={520--545},
	year={2013},
	publisher={Elsevier}
}


@article{piotroski2014politicians,
	title={Politicians and the IPO decision: The impact of impending political promotions on IPO activity in China},
	author={Piotroski, Joseph D and Zhang, Tianyu},
	journal={Journal of Financial Economics},
	volume={111},
	number={1},
	pages={111--136},
	year={2014},
	publisher={Elsevier}
}


@article{schwert2017municipal,
	title={Municipal bond liquidity and default risk},
	author={Schwert, Michael},
	journal={The Journal of Finance},
	volume={72},
	number={4},
	pages={1683--1722},
	year={2017},
	publisher={Wiley Online Library}
}


@article{tahoun2014role,
	title={The role of stock ownership by US members of Congress on the market for political favors},
	author={Tahoun, Ahmed},
	journal={Journal of Financial Economics},
	volume={111},
	number={1},
	pages={86--110},
	year={2014},
	publisher={Elsevier}
}



@article{wang2020markets,
	title={Markets Price Politicians: Evidence from Chinaâ€™s Municipal Bond Markets},
	author={Wang, He and Yao, Yang and Zhou, Yue},
	year={2020}
}









